@book{phillips2007digital,
  title={Digital control system analysis and design},
  author={Phillips, Charles L and Nagle, H Troy},
  year={2007},
  publisher={Prentice Hall Press}
}
